<record><leader>00000cas a22000007a 4500</leader><controlfield tag="001">18419161</controlfield><controlfield tag="008">880827d18601862iaudn ne      0    0eng d</controlfield><datafield ind1=" " ind2=" " tag="010"><subfield code="a">sn 88059711 </subfield></datafield><datafield ind1=" " ind2=" " tag="040"><subfield code="a">INP</subfield><subfield code="b">eng</subfield><subfield code="c">INP</subfield><subfield code="d">MGN</subfield><subfield code="d">OCLCQ</subfield></datafield><datafield ind1=" " ind2=" " tag="042"><subfield code="a">msc</subfield></datafield><datafield ind1="0" ind2="4" tag="245"><subfield code="a">The Muscatine daily review.</subfield></datafield><datafield ind1="1" ind2="3" tag="246"><subfield code="a">Muscatine review</subfield></datafield><datafield ind1="1" ind2="3" tag="246"><subfield code="a">Daily review</subfield></datafield><datafield ind1=" " ind2=" " tag="260"><subfield code="a">Muscatine, Iowa :</subfield><subfield code="b">J. Trainor King</subfield></datafield><datafield ind1=" " ind2=" " tag="300"><subfield code="a">v.</subfield></datafield><datafield ind1=" " ind2=" " tag="310"><subfield code="a">Daily (except Sun.)</subfield></datafield><datafield ind1="0" ind2=" " tag="362"><subfield code="a">Vol. 1, no. 1 (Sept. 20, 1860)-</subfield></datafield><datafield ind1="1" ind2=" " tag="362"><subfield code="a">Ceased in 1862.</subfield></datafield><datafield ind1=" " ind2=" " tag="500"><subfield code="a">Editor: John Trainor King, &lt;1860-1861&gt;.</subfield></datafield><datafield ind1=" " ind2=" " tag="515"><subfield code="a">No issues published Sept. 21-23, 1860.</subfield></datafield><datafield ind1="1" ind2=" " tag="700"><subfield code="a">King, John Trainor.</subfield></datafield><datafield ind1=" " ind2=" " tag="752"><subfield code="a">United States</subfield><subfield code="b">Iowa</subfield><subfield code="c">Muscatine</subfield><subfield code="d">Muscatine.</subfield></datafield><datafield ind1="0" ind2="0" tag="785"><subfield code="t">Muscatine daily courier</subfield><subfield code="w">(DLC)sn 87058213</subfield></datafield><datafield ind1="1" ind2=" " tag="029"><subfield code="a">AU@</subfield><subfield code="b">000025806826</subfield></datafield></record>